@article{lazzaro2004we,
  title={Why we play games: Four keys to more emotion without story},
  author={Lazzaro, Nicole},
  year={2004}
}
