@article{barrett1998discrete,
  title={Discrete emotions or dimensions? The role of valence focus and arousal focus},
  author={Barrett, Lisa Feldman},
  journal={Cognition \& Emotion},
  volume={12},
  number={4},
  pages={579--599},
  year={1998},
  publisher={Taylor \& Francis}
}
@article{bradley1994measuring,
  title={Measuring emotion: the self-assessment manikin and the semantic differential},
  author={Bradley, Margaret M and Lang, Peter J},
  journal={Journal of behavior therapy and experimental psychiatry},
  volume={25},
  number={1},
  pages={49--59},
  year={1994},
  publisher={Elsevier}
}
@article{cacioppo2000psychophysiology,
  title={The psychophysiology of emotion},
  author={Cacioppo, John T and Berntson, Gary G and Larsen, Jeff T and Poehlmann, Kirsten M and Ito, Tiffany A and others},
  journal={Handbook of emotions},
  volume={2},
  pages={173--191},
  year={2000}
}
@article{cacioppo1990inferring,
  title={Inferring psychological significance from physiological signals},
  author={Cacioppo, John T and Tassinary, Louis G and others},
  journal={American Psychologist},
  volume={45},
  number={1},
  pages={16--28},
  year={1990}
}
@book{dalgleish1999handbook,
  title={Handbook of cognition and emotion},
  author={Dalgleish, Tim and Power, Michael J and Wiley, John},
  year={1999},
  publisher={Wiley Online Library}
}
@article{ekman1992there,
  title={Are there basic emotions},
  author={Ekman, Paul and others},
  journal={Psychological review},
  volume={99},
  number={3},
  pages={550--553},
  year={1992}
}
@article{ekman1992argument,
  title={An argument for basic emotions},
  author={Ekman, Paul},
  journal={Cognition \& Emotion},
  volume={6},
  number={3-4},
  pages={169--200},
  year={1992},
  publisher={Taylor \& Francis}
}
@book{goleman2006emotional,
  title={Emotional intelligence: ; why it can matter more than IQ},
  author={Goleman, Daniel},
  year={2006},
  publisher={Bantam}
}
@inproceedings{jones2007biometric,
  title={Biometric valence and arousal recognition},
  author={Jones, Christian Martyn and Troen, Tommy},
  booktitle={Proceedings of the 19th Australasian conference on Computer-Human Interaction: Entertaining User Interfaces},
  pages={191--194},
  year={2007},
  organization={ACM}
}
@article{lang1995emotion,
  title={The emotion probe},
  author={Lang, Peter J},
  journal={American psychologist},
  volume={50},
  number={5},
  pages={372--385},
  year={1995}
}
@article{lang1999international,
  title={International affective picture system (IAPS): Instruction manual and affective ratings},
  author={Lang, Peter J and Bradley, Margaret M and Cuthbert, Bruce N and others},
  journal={The Center for Research in Psychophysiology, University of Florida},
  year={1999}
}
@misc{tt2013procomp,
  author = {Thought Technology Ltd.},
  title = {{Procomp Infinity Hardware Manual}},
  howpublished = "\url{http://www.thoughttechnology.com/manual.htm/}",
  year = {2013},
  note = "[Online; accessed 20-April-2013]"
}
@article{mandryk2007fuzzy,
  title={A fuzzy physiological approach for continuously modeling emotion during interaction with play technologies},
  author={Mandryk, Regan L and Atkins, M Stella},
  journal={International Journal of Human-Computer Studies},
  volume={65},
  number={4},
  pages={329--347},
  year={2007},
  publisher={Elsevier}
}
@inproceedings{mandryk2004physiological,
  title={Physiological indicators for the evaluation of co-located collaborative play},
  author={Mandryk, Regan L and Inkpen, Kori M},
  booktitle={Proceedings of the 2004 ACM conference on Computer supported cooperative work},
  pages={102--111},
  year={2004},
  organization={ACM}
}
@article{mandryk2006using,
  title={Using psychophysiological techniques to measure user experience with entertainment technologies},
  author={Mandryk, Regan L and Inkpen, Kori M and Calvert, Thomas W},
  journal={Behaviour \& Information Technology},
  volume={25},
  number={2},
  pages={141--158},
  year={2006},
  publisher={Taylor \& Francis}
}
@article{mayer1993intelligence,
  title={The intelligence of emotional intelligence},
  author={Mayer, John D and Salovey, Peter},
  journal={Intelligence},
  volume={17},
  number={4},
  pages={433--442},
  year={1993},
  publisher={Elsevier}
}
@article{peter2006emotion,
  title={Emotion representation and physiology assignments in digital systems},
  author={Peter, Christian and Herbon, Antje},
  journal={Interacting with Computers},
  volume={18},
  number={2},
  pages={139--170},
  year={2006},
  publisher={Elsevier}
}
@article{picard2003affective,
  title={Affective computing: challenges},
  author={Picard, Rosalind W},
  journal={International Journal of Human-Computer Studies},
  volume={59},
  number={1},
  pages={55--64},
  year={2003},
  publisher={Elsevier}
}
@article{picard2001toward,
  title={Toward machine emotional intelligence: Analysis of affective physiological state},
  author={Picard, Rosalind W. and Vyzas, Elias and Healey, Jennifer},
  journal={Pattern Analysis and Machine Intelligence, IEEE Transactions on},
  volume={23},
  number={10},
  pages={1175--1191},
  year={2001},
  publisher={IEEE}
}
@article{roseman2001model,
  title={A model of appraisal in the emotion system: Integrating theory, research, and applications.},
  author={Roseman, Ira J},
  year={2001},
  publisher={Oxford University Press}
}
@book{rouse2010game,
  title={Game design: Theory and practice},
  author={Rouse III, Richard and Ogden, Steve},
  year={2010},
  publisher={Jones \& Bartlett Publishers}
}
@article{russell1980circumplex,
  title={A circumplex model of affect},
  author={Russell, James A},
  journal={Journal of personality and social psychology},
  volume={39},
  number={6},
  pages={1161--1178},
  year={1980}
}
@article{russell1989affect,
  title={Affect grid: A single-item scale of pleasure and arousal},
  author={Russell, James A and Weiss, Anna and Mendelsohn, Gerald A},
  journal={Journal of Personality and Social psychology},
  volume={57},
  number={3},
  pages={493--502},
  year={1989}
}
@inproceedings{zagalo2004story,
  title={Story reaction structures to emotion detection},
  author={Zagalo, Nelson and Barker, Anthony and Branco, Vasco},
  booktitle={Proceedings of the 1st ACM workshop on Story representation, mechanism and context},
  pages={33--38},
  year={2004},
  organization={ACM}
}
@article{zhang2010service,
  title={Service robot feature design effects on user perceptions and emotional responses},
  author={Zhang, Tao and Kaber, David B and Zhu, Biwen and Swangnetr, Manida and Mosaly, Prithima and Hodge, Lashanda},
  journal={Intelligent Service Robotics},
  volume={3},
  number={2},
  pages={73--88},
  year={2010},
  publisher={Springer}
}
@article{scherer1993neuroscience,
  title={Neuroscience projections to current debates in emotion psychology},
  author={Scherer, Klaus R},
  journal={Cognition \& Emotion},
  volume={7},
  number={1},
  pages={1--41},
  year={1993},
  publisher={Taylor \& Francis}
}
@book{wehrenberg1995willball,
  title={Willball: a novel},
  author={Wehrenberg, C.},
  isbn={9781886163027},
  lccn={94068750},
  url={http://books.google.ca/books?id=ZgHUPSFpO-IC},
  year={1995},
  publisher={Solo Zone}
}
@article{forgas1995mood,
  title={Mood and judgment: the affect infusion model (AIM).},
  author={Forgas, Joseph P},
  journal={Psychological bulletin},
  volume={117},
  number={1},
  pages={39},
  year={1995},
  publisher={American Psychological Association}
}
@article{cannon1927james,
  title={The James-Lange theory of emotions: a critical examination and an alternative theory.},
  author={Cannon, Walter B},
  journal={The American Journal of Psychology},
  year={1927},
  publisher={Univ of Illinois Press}
}
@book{paiva2007affective,
  title={Affective Computing and Intelligent Interaction: Second International Conference, ACII 2007, Lisbon, Portugal, September 12-14, 2007, Proceedings},
  author={Paiva, Ana and Prada, Rui and Picard, Rosalind W},
  volume={4738},
  year={2007},
  publisher={Springer}
}
@article{schachter1964interaction,
  title={The interaction of cognitive and physiological determinants of emotional state},
  author={Schachter, Stanley},
  journal={Advances in experimental social psychology},
  volume={1},
  pages={49--80},
  year={1964}
}
@article{zimmermann2006extending,
  title={Extending usability: putting affect into the user-experience},
  author={Zimmermann, P and Gomez, Patrick and Danuser, Brigitta and Sch{\"a}r, S},
  journal={Proceedings of NordiCHI'06},
  pages={27--32},
  year={2006}
}
@article{russell2003core,
  title={Core affect and the psychological construction of emotion.},
  author={Russell, James A},
  journal={Psychological review},
  volume={110},
  number={1},
  pages={145},
  year={2003},
  publisher={American Psychological Association}
}
@book{csikszentmihalyi1997finding,
  title={Finding flow: The psychology of engagement with everyday life},
  author={Csikszentmihalyi, Mihaly},
  year={1997},
  publisher={Basic Books}
}
@book{stern2001psychophysiological,
  title={Psychophysiological recording},
  author={Stern, Robert Morris and Ray, William J and Quigley, Karen S},
  year={2001},
  publisher={Oxford University Press}
}
@book{frijda1986emotions,
  title={The emotions},
  author={Frijda, Nico H},
  year={1986},
  publisher={Cambridge University Press}
}
@article{partala2006real,
  title={Real-time estimation of emotional experiences from facial expressions},
  author={Partala, Timo and Surakka, Veikko and Vanhala, Toni},
  journal={Interacting with Computers},
  volume={18},
  number={2},
  pages={208--226},
  year={2006},
  publisher={Oxford University Press}
}
@inproceedings{sebe2006emotion,
  title={Emotion recognition based on joint visual and audio cues},
  author={Sebe, Nicu and Cohen, Ira and Gevers, Theo and Huang, Thomas S},
  booktitle={Pattern Recognition, 2006. ICPR 2006. 18th International Conference on},
  volume={1},
  pages={1136--1139},
  year={2006},
  organization={IEEE}
}
@article{khan2006automated,
  title={Automated facial expression classification and affect interpretation using infrared measurement of facial skin temperature variations},
  author={Khan, Masood Mehmood and Ingleby, Michael and Ward, Robert D},
  journal={ACM Transactions on Autonomous and Adaptive Systems (TAAS)},
  volume={1},
  number={1},
  pages={91--113},
  year={2006},
  publisher={ACM}
}
@article{takano2007heart,
  title={Heart rate measurement based on a time-lapse image},
  author={Takano, Chihiro and Ohta, Yuji},
  journal={Medical engineering \& physics},
  volume={29},
  number={8},
  pages={853--857},
  year={2007},
  publisher={Elsevier}
}
@article{ekman1983autonomic,
  title={Autonomic nervous system activity distinguishes among emotions},
  author={Ekman, Paul and Levenson, Robert W and Friesen, Wallace V},
  journal={Science},
  volume={221},
  number={4616},
  pages={1208--1210},
  year={1983},
  publisher={American Association for the Advancement of Science}
}
@inproceedings{puri2005stresscam,
  title={StressCam: non-contact measurement of users' emotional states through thermal imaging},
  author={Puri, Colin and Olson, Leslie and Pavlidis, Ioannis and Levine, James and Starren, Justin},
  booktitle={CHI'05 extended abstracts on Human factors in computing systems},
  pages={1725--1728},
  year={2005},
  organization={ACM}
}
@book{seiger2002essentials,
  title={Essentials of Anatomy \& Physiology},
  author={Seiger, Charles M},
  year={2002},
  publisher={Prentice Hall}
}
@book{carlson2013physiology,
  title={Physiology of behavior},
  author={Carlson, Neil R},
  year={2013},
  publisher={Pearson}
}
@article{pflanzer2013galvanic,
  title={Galvanic Skin Response and the Polygraph},
  author={Pflanzer, Richard},
  journal={BIOPAC Systems, Inc},
  year={2013}
}
@article{isen2007some,
  title={Some measurement issues in the study of affect},
  author={Isen, Alice M and Erez, Amir},
  journal={Oxford handbook of methods in positive psychology},
  pages={250--265},
  year={2007},
  publisher={Oxford University Press New York, NY}
}
@article{rigby2007pens,
  title={The Player Experience of Need Satisfaction (PENS)},
  author={Rigby, Scott and Ryan, Richard},
  year={2007},
  publisher={Immersive, Inc.}
}
@article{lang1985cognitive,
  title={The cognitive psychophysiology of emotion: Fear and anxiety.},
  author={Lang, Peter J},
  year={1985},
  publisher={Lawrence Erlbaum Associates, Inc}
}
@article{brockmyer2009development,
  title={The development of the Game Engagement Questionnaire: A measure of engagement in video game-playing},
  author={Brockmyer, Jeanne H and Fox, Christine M and Curtiss, Kathleen A and McBroom, Evan and Burkhart, Kimberly M and Pidruzny, Jacquelyn N},
  journal={Journal of Experimental Social Psychology},
  volume={45},
  number={4},
  pages={624--634},
  year={2009},
  publisher={Elsevier}
}
@article{ryan1983relation,
  title={Relation of reward contingency and interpersonal context to intrinsic motivation: A review and test using cognitive evaluation theory.},
  author={Ryan, Richard M and Mims, Valerie and Koestner, Richard},
  journal={Journal of Personality and Social Psychology},
  volume={45},
  number={4},
  pages={736},
  year={1983},
  publisher={American Psychological Association}
}
@article{russell1977evidence,
  title={Evidence for a three-factor theory of emotions},
  author={Russell, James A and Mehrabian, Albert},
  journal={Journal of research in Personality},
  volume={11},
  number={3},
  pages={273--294},
  year={1977},
  publisher={Elsevier}
}
@article{morris1995observations,
  title={Observations: SAM: the Self-Assessment Manikin an efficient cross-cultural measurement of emotional response},
  author={Morris, Jon D},
  journal={Journal of advertising research},
  volume={35},
  number={6},
  pages={63--68},
  year={1995}
}
@article{bradley1993affective,
  title={Affective picture processing},
  author={Bradley, Margaret M and Greenwald, Mark K and Hamm, Alfons O},
  journal={The structure of emotion: Psychophysiological, cognitive, and clinical aspects},
  pages={48--65},
  year={1993},
  publisher={Hogrefe y Huber Publishers. Toronto}
}
@article{depaula2005cognitive,
  title={Cognitive and cultural views of emotions},
  author={DePaula, Rog{\'e}rio and Dourish, Paul},
  journal={Proc. HCIC},
  year={2005}
}
@book{pise2011thinkquest,
  title={ThinkQuest 2010: Proceedings of the First International Conference on Contours of Computing Technology},
  author={Pise, SJ},
  year={2011},
  publisher={Springer}
}
@incollection{tijs2009creating,
  title={Creating an emotionally adaptive game},
  author={Tijs, Tim and Brokken, Dirk and IJsselsteijn, Wijnand},
  booktitle={Entertainment Computing-ICEC 2008},
  pages={122--133},
  year={2009},
  publisher={Springer}
}
@article{yannakakis2007towards,
  title={Towards optimizing entertainment in computer games},
  author={Yannakakis, Georgios N and Hallam, John},
  journal={Applied Artificial Intelligence},
  volume={21},
  number={10},
  pages={933--971},
  year={2007},
  publisher={Taylor \& Francis}
}
@inproceedings{aggag2011affective,
  title={Affective gaming: a GSR based approach},
  author={Aggag, Ahmed and Revett, Kenneth},
  booktitle={Proceedings of the 15th WSEAS international conference on Computers},
  pages={262--266},
  year={2011},
  organization={World Scientific and Engineering Academy and Society (WSEAS)}
}
@inproceedings{sykes2003affective,
  title={Affective gaming: measuring emotion through the gamepad},
  author={Sykes, Jonathan and Brown, Simon},
  booktitle={CHI'03 extended abstracts on Human factors in computing systems},
  pages={732--733},
  year={2003},
  organization={ACM}
}
@book{clynes1977sentics,
  title={Sentics: The touch of emotions},
  author={Clynes, Manfred},
  year={1977},
  publisher={Anchor Press Garden City, NY}
}
@incollection{saari2009emotionally,
  title={Emotionally Adapted Games--An Example of a First Person Shooter},
  author={Saari, Timo and Turpeinen, Marko and Kuikkaniemi, Kai and Kosunen, Ilkka and Ravaja, Niklas},
  booktitle={Human-Computer Interaction. Interacting in Various Application Domains},
  pages={406--415},
  year={2009},
  publisher={Springer}
}
@article{rollings2006fundamentals,
  title={Fundamentals of game design},
  author={Rollings, Andrew and Adams, Ernest},
  journal={New Challenges for Character-Based AI for Games. Chapter 20: Artificial Life and Puzzle Games. Prentice Hall},
  pages={573--590},
  year={2006}
}
@book{malone1982makes,
  title={What makes computer games fun?},
  author={Malone, Thomas},
  volume={13},
  number={2-3},
  year={1982},
  publisher={ACM}
}
@book{salen2004rules,
  title={Rules of play: Game design fundamentals},
  author={Salen, Katie and Zimmerman, Eric},
  year={2004},
  publisher={MIT press}
}
@misc{pajares2008understanding,
  title={Understanding Video Games: the essential introduction},
  author={Pajares Tosca, Susana and EGENFELDT-NIELSON, Simon and HEIDE SMITH, Jonas},
  year={2008},
  publisher={Editorial Routledge, Oxford}
}
@book{laramee2002game,
  title={Game design perspectives},
  author={Laram{\'e}e, Fran{\c{c}}ois Dominic},
  year={2002},
  publisher={Cengage Learning}
}
@book{rollings2003andrew,
  title={Andrew Rollings and Ernest Adams on game design},
  author={Rollings, Andrew and Adams, Ernest},
  year={2003},
  publisher={New Riders}
}
@book{koster2013theory,
  title={Theory of fun for game design},
  author={Koster, Raph},
  year={2013},
  publisher={" O'Reilly Media, Inc."}
}
@book{csikszentmihalyi1990flow,
  title={Flow: The Psychology of Optimal Experience},
  author={Csikszentmihalyi, M.},
  isbn={9780060162535},
  lccn={89045645},
  url={http://books.google.ca/books?id=V9KrQgAACAAJ},
  year={1990},
  publisher={Harper \& Row}
}
@incollection{sundstrom2005user,
  title={A user-centered approach to affective interaction},
  author={Sundstr{\"o}m, Petra and St{\aa}hl, Anna and H{\"o}{\"o}k, Kristina},
  booktitle={Affective Computing and Intelligent Interaction},
  pages={931--938},
  year={2005},
  publisher={Springer}
}
@article{chen2007flow,
  title={Flow in games (and everything else)},
  author={Chen, Jenova},
  journal={Communications of the ACM},
  volume={50},
  number={4},
  pages={31--34},
  year={2007},
  publisher={ACM}
}
@book{champandard2003ai,
  title={AI game development: Synthetic creatures with learning and reactive behaviors},
  author={Champandard, Alex J},
  year={2003},
  publisher={New Riders}
}
@inproceedings{olesen2008real,
  title={Real-time challenge balance in an RTS game using rtNEAT},
  author={Olesen, Jacob Kaae and Yannakakis, Georgios N and Hallam, John},
  booktitle={Computational Intelligence and Games, 2008. CIG'08. IEEE Symposium On},
  pages={87--94},
  year={2008},
  organization={IEEE}
}
@incollection{xiang2013dynamic,
  title={Dynamic Difficulty Adjustment by Facial Expression},
  author={Xiang, Nan and Yang, Lili and Zhang, Mingmin},
  booktitle={Informatics and Management Science V},
  pages={761--768},
  year={2013},
  publisher={Springer}
}
@incollection{lee2006dynamic,
  title={Dynamic game level design using gaussian mixture model},
  author={Lee, Sangkyung and Jung, Keechul},
  booktitle={PRICAI 2006: Trends in Artificial Intelligence},
  pages={955--959},
  year={2006},
  publisher={Springer}
}
@incollection{chiu2008using,
  title={Using data mining for dynamic level design in games},
  author={Chiu, Kitty SY and Chan, Keith CC},
  booktitle={Foundations of Intelligent Systems},
  pages={628--637},
  year={2008},
  publisher={Springer}
}
@inproceedings{spronck2004difficulty,
  title={Difficulty scaling of game AI},
  author={Spronck, Pieter and Sprinkhuizen-Kuyper, Ida and Postma, Eric},
  booktitle={Proceedings of the 5th International Conference on Intelligent Games and Simulation (GAME-ON 2004)},
  pages={33--37},
  year={2004}
}
@inproceedings{andrade2005challenge,
  title={Challenge-sensitive game balancing: an evaluation of user satisfaction},
  author={Andrade, Gustavo and Geber Ramalho, Alex S and Gomes, Ro and Corruble, Vincent},
  booktitle={In Proceedings of the 4rd Brazilian Workshop on Computer Games and Digital Entertainment (WJogos05},
  year={2005},
  organization={Citeseer}
}
@inproceedings{gilleade2004using,
  title={Using frustration in the design of adaptive videogames},
  author={Gilleade, Kiel M and Dix, Alan},
  booktitle={Proceedings of the 2004 ACM SIGCHI International Conference on Advances in computer entertainment technology},
  pages={228--232},
  year={2004},
  organization={ACM}
}
@inproceedings{hunicke2004ai,
  title={AI for dynamic difficulty adjustment in games},
  author={Hunicke, Robin and Chapman, Vernell},
  booktitle={Challenges in Game Artificial Intelligence AAAI Workshop},
  pages={91--96},
  year={2004}
}
@incollection{westra2009adaptive,
  title={Adaptive serious games using agent organizations},
  author={Westra, Joost and van Hasselt, Hado and Dignum, Frank and Dignum, Virginia},
  booktitle={Agents for Games and Simulations},
  pages={206--220},
  year={2009},
  publisher={Springer}
}
@inproceedings{hom2007automatic,
  title={Automatic design of balanced board games},
  author={Hom, Vincent and Marks, Joe},
  booktitle={Proceedings of the AAAI Conference on Artificial Intelligence and Interactive Digital Entertainment (AIIDE)},
  pages={25--30},
  year={2007}
}
@ARTICLE{forbus2002ai, 
  author={Forbus, K.D. and Laird, J.}, 
  journal={Intelligent Systems, IEEE}, 
  title={AI and the entertainment industry}, 
  year={2002}, 
  month={July}, 
  volume={17}, 
  number={4}, 
  pages={15-16}, 
  keywords={Artificial intelligence;Computational modeling;Computer industry;Computer science;Computer science education;Hardware;Humans;Intelligent systems;Toy industry;Visualization}, 
  doi={10.1109/MIS.2002.1024746}, 
  ISSN={1541-1672},
}
@article{weibel2008playing,
  title={Playing online games against computer-vs. human-controlled opponents: Effects on presence, flow, and enjoyment},
  author={Weibel, David and Wissmath, Bartholom{\"a}us and Habegger, Stephan and Steiner, Yves and Groner, Rudolf},
  journal={Computers in Human Behavior},
  volume={24},
  number={5},
  pages={2274--2291},
  year={2008},
  publisher={Elsevier}
}
@misc{wiki2014facial,
  author={Wikipedia},
  title={Facial electromyography --- {W}ikipedia{,} The Free Encyclopedia},
  year={2014},
  url={http://en.wikipedia.org/wiki/Facial_electromyography},
  howpublished="\url{http://en.wikipedia.org/wiki/Facial_electromyography}",
  note={[Online; accessed 21-May-2014]}
}
@misc{wiki2014gsr,
  author={Wikipedia},
  title={Skin conductance --- {W}ikipedia{,} The Free Encyclopedia},
  year={2014},
  url={http://en.wikipedia.org/wiki/Galvanic_Skin_Response},
  howpublished="\url{http://en.wikipedia.org/wiki/Galvanic_Skin_Response}",
  note={[Online; accessed 21-May-2014]}
}
@misc{wiki2014bvp,
  author={Wikipedia},
  title={Heart rate --- {W}ikipedia{,} The Free Encyclopedia},
  year={2014},
  url={http://en.wikipedia.org/wiki/Heart_rate},
  howpublished="\url{http://en.wikipedia.org/wiki/Heart_rate}",
  note={[Online; accessed 21-May-2014]}
}
@article{saari2005towards,
  title={Towards emotionally adapted games based on user controlled emotion knobs},
  author={Saari, Timo},
  year={2005}
}
@ONLINE{onlin2014bartle,
  author={Bartle, Richard},
  title={HEARTS, CLUBS, DIAMONDS, SPADES: PLAYERS WHO SUIT MUDS {@ONLINE}},
  month=may,
  year={2014},
  url={http://mud.co.uk/richard/hcds.htm}
}
