@article{picard2001toward,
  title={Toward machine emotional intelligence: Analysis of affective physiological state},
  author={Picard, Rosalind W. and Vyzas, Elias and Healey, Jennifer},
  journal={Pattern Analysis and Machine Intelligence, IEEE Transactions on},
  volume={23},
  number={10},
  pages={1175--1191},
  year={2001},
  publisher={IEEE}
}
@article{mayer1993intelligence,
  title={The intelligence of emotional intelligence},
  author={Mayer, John D and Salovey, Peter},
  journal={Intelligence},
  volume={17},
  number={4},
  pages={433--442},
  year={1993},
  publisher={Elsevier}
}
@book{goleman2006emotional,
  title={Emotional intelligence: ; why it can matter more than IQ},
  author={Goleman, Daniel},
  year={2006},
  publisher={Bantam}
}
@article{picard2003affective,
  title={Affective computing: challenges},
  author={Picard, Rosalind W},
  journal={International Journal of Human-Computer Studies},
  volume={59},
  number={1},
  pages={55--64},
  year={2003},
  publisher={Elsevier}
}
@inproceedings{jones2007biometric,
  title={Biometric valence and arousal recognition},
  author={Jones, Christian Martyn and Troen, Tommy},
  booktitle={Proceedings of the 19th Australasian conference on Computer-Human Interaction: Entertaining User Interfaces},
  pages={191--194},
  year={2007},
  organization={ACM}
}
@article{cacioppo1990inferring,
  title={Inferring psychological significance from physiological signals},
  author={Cacioppo, John T and Tassinary, Louis G and others},
  journal={American Psychologist},
  volume={45},
  number={1},
  pages={16--28},
  year={1990}
}
@inproceedings{sykes2003affective,
  title={Affective gaming: measuring emotion through the gamepad},
  author={Sykes, Jonathan and Brown, Simon},
  booktitle={CHI'03 extended abstracts on Human factors in computing systems},
  pages={732--733},
  year={2003},
  organization={ACM}
}
@book{rouse2010game,
  title={Game design: Theory and practice},
  author={Rouse III, Richard and Ogden, Steve},
  year={2010},
  publisher={Jones \& Bartlett Publishers}
}
@incollection{stanley2011gemini,
  title={Gemini: a pervasive accumulated context exergame},
  author={Stanley, Kevin G and Livingston, Ian J and Bandurka, Alan and Hashemian, Mohammad and Mandryk, Regan L},
  booktitle={Entertainment Computing--ICEC 2011},
  pages={65--76},
  year={2011},
  publisher={Springer}
}
@article{chen2007flow,
  title={Flow in games (and everything else)},
  author={Chen, Jenova},
  journal={Communications of the ACM},
  volume={50},
  number={4},
  pages={31--34},
  year={2007},
  publisher={ACM}
}
@book{malone1982makes,
  title={What makes computer games fun?},
  author={Malone, Thomas},
  volume={13},
  number={2-3},
  year={1982},
  publisher={ACM}
}
@book{salen2004rules,
  title={Rules of play: Game design fundamentals},
  author={Salen, Katie and Zimmerman, Eric},
  year={2004},
  publisher={MIT press}
}
@misc{pajares2008understanding,
  title={Understanding Video Games: the essential introduction},
  author={Pajares Tosca, Susana and EGENFELDT-NIELSON, Simon and HEIDE SMITH, Jonas},
  year={2008},
  publisher={Editorial Routledge, Oxford}
}
@book{laramee2002game,
  title={Game design perspectives},
  author={Laram{\'e}e, Fran{\c{c}}ois Dominic},
  year={2002},
  publisher={Cengage Learning}
}
@book{rollings2003andrew,
  title={Andrew Rollings and Ernest Adams on game design},
  author={Rollings, Andrew and Adams, Ernest},
  year={2003},
  publisher={New Riders}
}
@book{koster2013theory,
  title={Theory of fun for game design},
  author={Koster, Raph},
  year={2013},
  publisher={" O'Reilly Media, Inc."}
}
@book{csikszentmihalyi1990flow,
  title={Flow: The Psychology of Optimal Experience},
  author={Csikszentmihalyi, M.},
  isbn={9780060162535},
  lccn={89045645},
  url={http://books.google.ca/books?id=V9KrQgAACAAJ},
  year={1990},
  publisher={Harper \& Row}
}
@inproceedings{gilleade2004using,
  title={Using frustration in the design of adaptive videogames},
  author={Gilleade, Kiel M and Dix, Alan},
  booktitle={Proceedings of the 2004 ACM SIGCHI International Conference on Advances in computer entertainment technology},
  pages={228--232},
  year={2004},
  organization={ACM}
}
@incollection{xiang2013dynamic,
  title={Dynamic Difficulty Adjustment by Facial Expression},
  author={Xiang, Nan and Yang, Lili and Zhang, Mingmin},
  booktitle={Informatics and Management Science V},
  pages={761--768},
  year={2013},
  publisher={Springer}
}
@inproceedings{spronck2004difficulty,
  title={Difficulty scaling of game AI},
  author={Spronck, Pieter and Sprinkhuizen-Kuyper, Ida and Postma, Eric},
  booktitle={Proceedings of the 5th International Conference on Intelligent Games and Simulation (GAME-ON 2004)},
  pages={33--37},
  year={2004}
}
@inproceedings{andrade2005challenge,
  title={Challenge-sensitive game balancing: an evaluation of user satisfaction},
  author={Andrade, Gustavo and Geber Ramalho, Alex S and Gomes, Ro and Corruble, Vincent},
  booktitle={In Proceedings of the 4rd Brazilian Workshop on Computer Games and Digital Entertainment (WJogos05},
  year={2005},
  organization={Citeseer}
}
@inproceedings{hunicke2004ai,
  title={AI for dynamic difficulty adjustment in games},
  author={Hunicke, Robin and Chapman, Vernell},
  booktitle={Challenges in Game Artificial Intelligence AAAI Workshop},
  pages={91--96},
  year={2004}
}
@incollection{westra2009adaptive,
  title={Adaptive serious games using agent organizations},
  author={Westra, Joost and van Hasselt, Hado and Dignum, Frank and Dignum, Virginia},
  booktitle={Agents for Games and Simulations},
  pages={206--220},
  year={2009},
  publisher={Springer}
}
@inproceedings{hom2007automatic,
  title={Automatic design of balanced board games},
  author={Hom, Vincent and Marks, Joe},
  booktitle={Proceedings of the AAAI Conference on Artificial Intelligence and Interactive Digital Entertainment (AIIDE)},
  pages={25--30},
  year={2007}
}
@inproceedings{olesen2008real,
  title={Real-time challenge balance in an RTS game using rtNEAT},
  author={Olesen, Jacob Kaae and Yannakakis, Georgios N and Hallam, John},
  booktitle={Computational Intelligence and Games, 2008. CIG'08. IEEE Symposium On},
  pages={87--94},
  year={2008},
  organization={IEEE}
}
@article{rollings2006fundamentals,
  title={Fundamentals of game design},
  author={Rollings, Andrew and Adams, Ernest},
  journal={New Challenges for Character-Based AI for Games. Chapter 20: Artificial Life and Puzzle Games. Prentice Hall},
  pages={573--590},
  year={2006}
}
@article{scherer1993neuroscience,
  title={Neuroscience projections to current debates in emotion psychology},
  author={Scherer, Klaus R},
  journal={Cognition \& Emotion},
  volume={7},
  number={1},
  pages={1--41},
  year={1993},
  publisher={Taylor \& Francis}
}
@article{ekman1992there,
  title={Are there basic emotions},
  author={Ekman, Paul and others},
  journal={Psychological review},
  volume={99},
  number={3},
  pages={550--553},
  year={1992}
}
@article{ekman1992argument,
  title={An argument for basic emotions},
  author={Ekman, Paul},
  journal={Cognition \& Emotion},
  volume={6},
  number={3-4},
  pages={169--200},
  year={1992},
  publisher={Taylor \& Francis}
}
@article{lang1995emotion,
  title={The emotion probe},
  author={Lang, Peter J},
  journal={American psychologist},
  volume={50},
  number={5},
  pages={372--385},
  year={1995}
}
@article{russell1980circumplex,
  title={A circumplex model of affect},
  author={Russell, James A},
  journal={Journal of personality and social psychology},
  volume={39},
  number={6},
  pages={1161--1178},
  year={1980}
}
@article{roseman2001model,
  title={A model of appraisal in the emotion system: Integrating theory, research, and applications.},
  author={Roseman, Ira J},
  year={2001},
  publisher={Oxford University Press}
}
@article{zhang2010service,
  title={Service robot feature design effects on user perceptions and emotional responses},
  author={Zhang, Tao and Kaber, David B and Zhu, Biwen and Swangnetr, Manida and Mosaly, Prithima and Hodge, Lashanda},
  journal={Intelligent Service Robotics},
  volume={3},
  number={2},
  pages={73--88},
  year={2010},
  publisher={Springer}
}
@article{cannon1927james,
  title={The James-Lange theory of emotions: a critical examination and an alternative theory.},
  author={Cannon, Walter B},
  journal={The American Journal of Psychology},
  year={1927},
  publisher={Univ of Illinois Press}
}
@book{paiva2007affective,
  title={Affective Computing and Intelligent Interaction: Second International Conference, ACII 2007, Lisbon, Portugal, September 12-14, 2007, Proceedings},
  author={Paiva, Ana and Prada, Rui and Picard, Rosalind W},
  volume={4738},
  year={2007},
  publisher={Springer}
}
@article{peter2006emotion,
  title={Emotion representation and physiology assignments in digital systems},
  author={Peter, Christian and Herbon, Antje},
  journal={Interacting with Computers},
  volume={18},
  number={2},
  pages={139--170},
  year={2006},
  publisher={Elsevier}
}
@inproceedings{zagalo2004story,
  title={Story reaction structures to emotion detection},
  author={Zagalo, Nelson and Barker, Anthony and Branco, Vasco},
  booktitle={Proceedings of the 1st ACM workshop on Story representation, mechanism and context},
  pages={33--38},
  year={2004},
  organization={ACM}
}
@book{dalgleish1999handbook,
  title={Handbook of cognition and emotion},
  author={Dalgleish, Tim and Power, Michael J and Wiley, John},
  year={1999},
  publisher={Wiley Online Library}
}
@article{russell2003core,
  title={Core affect and the psychological construction of emotion.},
  author={Russell, James A},
  journal={Psychological review},
  volume={110},
  number={1},
  pages={145},
  year={2003},
  publisher={American Psychological Association}
}
@article{barrett1998discrete,
  title={Discrete emotions or dimensions? The role of valence focus and arousal focus},
  author={Barrett, Lisa Feldman},
  journal={Cognition \& Emotion},
  volume={12},
  number={4},
  pages={579--599},
  year={1998},
  publisher={Taylor \& Francis}
}
@article{mandryk2007fuzzy,
  title={A fuzzy physiological approach for continuously modeling emotion during interaction with play technologies},
  author={Mandryk, Regan L and Atkins, M Stella},
  journal={International Journal of Human-Computer Studies},
  volume={65},
  number={4},
  pages={329--347},
  year={2007},
  publisher={Elsevier}
}
@article{russell1989affect,
  title={Affect grid: A single-item scale of pleasure and arousal},
  author={Russell, James A and Weiss, Anna and Mendelsohn, Gerald A},
  journal={Journal of Personality and Social psychology},
  volume={57},
  number={3},
  pages={493--502},
  year={1989}
}
@article{bradley1994measuring,
  title={Measuring emotion: the self-assessment manikin and the semantic differential},
  author={Bradley, Margaret M and Lang, Peter J},
  journal={Journal of behavior therapy and experimental psychiatry},
  volume={25},
  number={1},
  pages={49--59},
  year={1994},
  publisher={Elsevier}
}
@misc{tt2013procomp,
  author = {Thought Technology Ltd.},
  title = {{Procomp Infinity Hardware Manual}},
  howpublished = "\url{http://www.thoughttechnology.com/manual.htm/}",
  year = {2013},
  note = "[Online; accessed 20-April-2013]"
}
@inproceedings{aggag2011affective,
  title={Affective gaming: a GSR based approach},
  author={Aggag, Ahmed and Revett, Kenneth},
  booktitle={Proceedings of the 15th WSEAS international conference on Computers},
  pages={262--266},
  year={2011},
  organization={World Scientific and Engineering Academy and Society (WSEAS)}
}
@incollection{tijs2009creating,
  title={Creating an emotionally adaptive game},
  author={Tijs, Tim and Brokken, Dirk and IJsselsteijn, Wijnand},
  booktitle={Entertainment Computing-ICEC 2008},
  pages={122--133},
  year={2009},
  publisher={Springer}
}
@incollection{xiang2013dynamic,
  title={Dynamic Difficulty Adjustment by Facial Expression},
  author={Xiang, Nan and Yang, Lili and Zhang, Mingmin},
  booktitle={Informatics and Management Science V},
  pages={761--768},
  year={2013},
  publisher={Springer}
}
